<?xml version="1.0" encoding="UTF-8"?><collection xmlns="http://www.loc.gov/MARC21/slim"><record><leader>00401nam--2200133-i-4500</leader><controlfield tag="001">000018130</controlfield><controlfield tag="002">20161230</controlfield><controlfield tag="005">20161230201032</controlfield><controlfield tag="008">060222s1000------------r-----000-0-eng-d</controlfield><datafield ind1=" " ind2=" " tag="080"><subfield code="a">621.79.02</subfield></datafield><datafield ind1=" " ind2=" " tag="100"><subfield code="a">Fedotiev, N.P. Si Grilihes, S.I</subfield></datafield><datafield ind1=" " ind2=" " tag="245"><subfield code="a">Decaparea,lustruirea si oxidarea electrochimica a metalelor.traducere din limba rusa</subfield></datafield><datafield ind1=" " ind2=" " tag="260"><subfield code="a">Bucuresti, Editura Tehnica, 1958. 262 P</subfield></datafield><datafield ind1=" " ind2=" " tag="852"><subfield code="a">5171</subfield></datafield></record></collection>